@book{cise2007,
  title={{Python: batteries included}},
  editor={Dubois, P.F.},
  series={Computing in Science \& Engineering},
  volume={9},
  number={3},
  year={2007},
  month={May},
  publisher={IEEE/AIP}
}

@book{cise2011,
  title={{Scientific Python}},
  editor={Milmann, K.J. and Avaizis, M.},
  series={Computing in Science \& Engineering},
  volume={11},
  number={2},
  year={2011},
  month={March},
  publisher={IEEE/AIP}
}

@article{hanke2009,
  title={{PyMVPA: A Python toolbox for multivariate pattern analysis of fMRI data}},
  author={Hanke, M. and Halchenko, Y.O. and Sederberg, P.B. and Hanson, S.J. and Haxby, J.V. and Pollmann, S.},
  journal={Neuroinformatics},
  volume={7},
  number={1},
  pages={37--53},
  year={2009},
  publisher={Springer}
}

@article{zito2008,
  title={{Modular toolkit for Data Processing (MDP): a Python data processing framework}},
  author={Zito, T. and Wilbert, N. and Wiskott, L. and Berkes, P.},
  journal={Frontiers in neuroinformatics},
  volume={2},
  year={2008},
  publisher={Frontiers Research Foundation}
}


@article{schaul2010,
  title={{PyBrain}},
  author={Schaul, T. and Bayer, J. and Wierstra, D. and Sun, Y. and Felder, M. and Sehnke, F. and R{\"u}ckstie{\ss}, T. and Schmidhuber, J.},
  journal={The Journal of Machine Learning Research},
  volume={11},
  pages={743--746},
  year={2010},
  publisher={MIT Press}
}


@article{sonnenburg2010,
  title={{The SHOGUN Machine Learning Toolbox}},
  author={Sonnenburg, S. and R{\"a}tsch, G. and Henschel, S. and Widmer, C. and Behr, J. and Zien, A. and de Bona, F. and Binder, A. and Gehl, C. and Franc, V.},
  journal={Journal of Machine Learning Research},
  volume={11},
  pages={1799--1802},
  year={2010}
}

@article{fan2008,
  title={{LIBLINEAR: A library for large linear classification}},
  author={Fan, R.E. and Chang, K.W. and Hsieh, C.J. and Wang, X.R. and Lin, C.J.},
  journal={The Journal of Machine Learning Research},
  volume={9},
  pages={1871--1874},
  year={2008},
  publisher={JMLR. org}
}

@misc{chang2001,
  title={{LIBSVM: a library for support vector machines}},
  author={Chang, C.C. and Lin, C.J.},
  howpublished={\url{http://www.csie.ntu.edu.tw/cjlin/libsvm}},
  year={2001}
}

@misc{albanese2008,
    title={{MLPy}},
    author={Albanese, D. and Jurman, G. and Visintainer, R. and
	Merler, S.},
    howpublished={\url{https://mlpy.fbk.eu/}},
}

@article{Vanderwalt2011,
    title = { {T}he {N}um{P}y array: a structure for efficient numerical computation},
    author = {{V}an der {W}alt, S. and {C}olbert, S.C and {V}aroquaux, G.},
    abstract = {{I}n the {P}ython world, {N}um{P}y arrays are the standard representation for numerical data. {H}ere, we show how these arrays enable efficient implementation of numerical computations in a high-level language. {O}verall, three techniques are applied to improve performance: vectorizing calculations, avoiding copying data in memory, and minimizing operation counts. {W}e first present the {N}um{P}y array structure, then show how to use it for efficient computation, and finally how to share array data with other libraries.},
    keywords = {{P}ython, scientific computing, array},
    publisher = {{IEEE} },
    journal = {{C}omputing in {S}cience and {E}ngineering },
    volume = {11},
    year = {2011},
}

@misc{omohundro1989,
  title={{Five balltree construction algorithms}},
  author={Omohundro, S.M.},
  year={1989},
  howpublished={ICSI Technical Report TR-89-063}
}

@article{friedman2010,
  title={{Regularization paths for generalized linear models via coordinate descent}},
  author={Friedman, J. and Hastie, T. and Tibshirani, R.},
  journal={Journal of statistical software},
  volume={33},
  number={1},
  pages={1},
  year={2010},
}

@conference{elkan2003,
  title={{Using the triangle inequality to accelerate k-means}},
  author={Elkan, C.},
  booktitle={International Conference on Machine Learning},
  volume={20},
  number={1},
  pages={147},
  year={2003}
}

@article{rokhlin2009,
  title={{A randomized algorithm for principal component analysis}},
  author={Rokhlin, V. and Szlam, A. and Tygert, M.},
  journal={SIAM Journal on Matrix Analysis and Applications},
  volume={31},
  number={3},
  pages={1100--1124},
  year={2009},
}

